<record><leader>00000cas a2200000 a 4500</leader><controlfield tag="001">9351049</controlfield><controlfield tag="008">830328d17731775mauwr ne      0    0eng c</controlfield><datafield ind1=" " ind2=" " tag="010"><subfield code="a">sn 83020449 </subfield></datafield><datafield ind1=" " ind2=" " tag="040"><subfield code="a">NPX</subfield><subfield code="b">eng</subfield><subfield code="c">NPX</subfield><subfield code="d">NPV</subfield><subfield code="d">NPA</subfield><subfield code="d">NPU</subfield><subfield code="d">DLC</subfield><subfield code="d">NJW</subfield><subfield code="d">KNP</subfield><subfield code="d">MGN</subfield><subfield code="d">KNP</subfield><subfield code="d">MGN</subfield><subfield code="d">HUL</subfield><subfield code="d">FUG</subfield><subfield code="d">NVF</subfield><subfield code="d">DLC</subfield><subfield code="d">OCL</subfield><subfield code="d">NYS</subfield><subfield code="d">DLC</subfield><subfield code="d">OCLCG</subfield><subfield code="d">KRTAS</subfield><subfield code="d">OCLCQ</subfield><subfield code="d">OCLCF</subfield><subfield code="d">OCLCO</subfield><subfield code="d">OCLCA</subfield></datafield><datafield ind1="1" ind2=" " tag="029"><subfield code="a">AU@</subfield><subfield code="b">000026770644</subfield></datafield><datafield ind1=" " ind2=" " tag="042"><subfield code="a">pcc</subfield></datafield><datafield ind1=" " ind2=" " tag="043"><subfield code="a">n-us-ma</subfield></datafield><datafield ind1="0" ind2="0" tag="050"><subfield code="a">Newspaper</subfield></datafield><datafield ind1="0" ind2="4" tag="245"><subfield code="a">The Essex journal and Merrimack packet, or, The Massachusetts and New-Hampshire general advertiser.</subfield></datafield><datafield ind1="1" ind2=" " tag="246"><subfield code="i">Issues for Dec. 29, 1773-June 23, 1775 have title:</subfield><subfield code="a">Essex journal and Merimack packet, or, The Massachusetts and New-Hampshire general advertiser</subfield></datafield><datafield ind1="3" ind2="0" tag="246"><subfield code="a">Massachusetts and New-Hampshire general advertiser</subfield></datafield><datafield ind1=" " ind2=" " tag="260"><subfield code="a">Newbury-port, Mass. :</subfield><subfield code="b">I. Thomas and H.-W. Tinges,</subfield><subfield code="c">1773-1775.</subfield></datafield><datafield ind1=" " ind2=" " tag="300"><subfield code="a">v.</subfield></datafield><datafield ind1=" " ind2=" " tag="310"><subfield code="a">Weekly</subfield></datafield><datafield ind1="0" ind2=" " tag="362"><subfield code="a">Vol. 1, no. 1 (Dec. 4, 1773)-v. 2, no. 78 (June 23, 1775).</subfield></datafield><datafield ind1=" " ind2=" " tag="500"><subfield code="a">Publishers: E. Lunt and H.W. Tinges, 1774-1775.</subfield></datafield><datafield ind1=" " ind2=" " tag="500"><subfield code="a">Printers: Isaiah Thomas and Henry Walter Tinges, 1773-1774; Ezra Lunt and Henry Walter Tinges, 1774-1775.</subfield></datafield><datafield ind1="4" ind2=" " tag="510"><subfield code="a">Brigham, C.S. Amer. newspapers</subfield><subfield code="c">p. 373</subfield></datafield><datafield ind1=" " ind2=" " tag="525"><subfield code="a">Supplements accompany some issues.</subfield></datafield><datafield ind1=" " ind2=" " tag="530"><subfield code="a">Available on microopaque from Readex Microprint Corp.</subfield></datafield><datafield ind1=" " ind2="0" tag="651"><subfield code="a">Newburyport (Mass.)</subfield><subfield code="v">Newspapers.</subfield></datafield><datafield ind1=" " ind2="0" tag="651"><subfield code="a">Essex County (Mass.)</subfield><subfield code="v">Newspapers.</subfield></datafield><datafield ind1=" " ind2="7" tag="655"><subfield code="a">Newspapers.</subfield><subfield code="2">fast</subfield><subfield code="0">(OCoLC)fst01423814</subfield></datafield><datafield ind1=" " ind2="7" tag="651"><subfield code="a">Massachusetts</subfield><subfield code="z">Essex County.</subfield><subfield code="2">fast</subfield><subfield code="0">(OCoLC)fst01205527</subfield></datafield><datafield ind1=" " ind2="7" tag="651"><subfield code="a">Massachusetts</subfield><subfield code="z">Newburyport.</subfield><subfield code="2">fast</subfield><subfield code="0">(OCoLC)fst01215824</subfield></datafield><datafield ind1="1" ind2=" " tag="700"><subfield code="a">Lunt, Ezra,</subfield><subfield code="d">1743-1803.</subfield></datafield><datafield ind1="1" ind2=" " tag="700"><subfield code="a">Thomas, Isaiah,</subfield><subfield code="d">1749-1831.</subfield></datafield><datafield ind1="1" ind2=" " tag="700"><subfield code="a">Tinges, Henry Walter.</subfield></datafield><datafield ind1=" " ind2=" " tag="752"><subfield code="a">United States</subfield><subfield code="b">Massachusetts</subfield><subfield code="c">Essex</subfield><subfield code="d">Newburyport.</subfield></datafield><datafield ind1="0" ind2="0" tag="785"><subfield code="t">Essex journal, or, The Massachusetts and New-Hampshire general advertiser, &amp; c</subfield><subfield code="w">(DLC)sn 83020450</subfield><subfield code="w">(OCoLC)9351124</subfield></datafield><datafield ind1=" " ind2=" " tag="850"><subfield code="a">MH</subfield></datafield><datafield ind1=" " ind2=" " tag="938"><subfield code="a">Kirtas Technologies, Inc.</subfield><subfield code="b">KRTS</subfield><subfield code="n">736354</subfield></datafield></record>